<?xml version="1.0" encoding="UTF-8"?>
<!DOCTYPE html PUBLIC "-//W3C//DTD XHTML 1.0 Transitional//EN"
    "http://www.w3.org/TR/xhtml1/DTD/xhtml1-transitional.dtd">
<html xmlns="http://www.w3.org/1999/xhtml" xml:lang="en" lang="en">
 <head>
  <title>
</title>
<meta http-equiv="Content-Type" content="text/html;charset=utf-8" />
  <meta name='ocr-system' content='tesseract 3.04.00' />
  <meta name='ocr-capabilities' content='ocr_page ocr_carea ocr_par ocr_line ocrx_word'/>
</head>
<body>
  <div class='ocr_page' id='page_1' title='image "./debabyloniisari00gunngoog_0105.png"; bbox 0 0 3150 5092; ppageno 0'>
   <div class='ocr_carea' id='block_1_1' title="bbox 756 451 797 512">
    <p class='ocr_par' dir='ltr' id='par_1_1' title="bbox 756 451 797 512">
     <span class='ocr_line' id='line_1_1' title="bbox 756 451 797 512; baseline 0.024 -1"><span class='ocrx_word' id='word_1_1' title='bbox 756 451 797 512; x_wconf 89' lang='lat'><strong>88</strong></span> 
     </span>
    </p>
   </div>
   <div class='ocr_carea' id='block_1_2' title="bbox 728 731 817 796">
    <p class='ocr_par' dir='ltr' id='par_1_2' title="bbox 728 731 817 796">
     <span class='ocr_line' id='line_1_2' title="bbox 728 731 817 796; baseline 0 0"><span class='ocrx_word' id='word_1_2' title='bbox 728 731 817 796; x_wconf 85' lang='lat' dir='ltr'>XIV.</span> 
     </span>
    </p>
   </div>
   <div class='ocr_carea' id='block_1_3' title="bbox 260 945 613 1011">
    <p class='ocr_par' dir='ltr' id='par_1_3' title="bbox 260 945 613 1011">
     <span class='ocr_line' id='line_1_3' title="bbox 260 945 613 1011; baseline 0.011 -5"><span class='ocrx_word' id='word_1_3' title='bbox 260 946 380 1011; x_wconf 85' lang='lat' dir='ltr'><strong>Juven.</strong></span> <span class='ocrx_word' id='word_1_4' title='bbox 405 946 473 1010; x_wconf 82' lang='lat' dir='ltr'><strong>sat.</strong></span> <span class='ocrx_word' id='word_1_5' title='bbox 496 945 530 1010; x_wconf 89' lang='lat' dir='ltr'>X</span> <span class='ocrx_word' id='word_1_6' title='bbox 553 946 613 1010; x_wconf 83' lang='lat'><strong>35:</strong></span> 
     </span>
    </p>
   </div>
   <div class='ocr_carea' id='block_1_4' title="bbox 220 1057 1347 1592">
    <p class='ocr_par' dir='ltr' id='par_1_4' title="bbox 220 1057 1347 1592">
     <span class='ocr_line' id='line_1_4' title="bbox 327 1057 1092 1144; baseline 0.001 -21"><span class='ocrx_word' id='word_1_7' title='bbox 327 1065 487 1144; x_wconf 88' lang='lat' dir='ltr'><strong>perpetuo</strong></span> <span class='ocrx_word' id='word_1_8' title='bbox 509 1060 577 1123; x_wconf 83' lang='lat' dir='ltr'><strong>risu</strong></span> <span class='ocrx_word' id='word_1_9' title='bbox 599 1057 792 1143; x_wconf 83' lang='lat' dir='ltr'><strong>pulmonem</strong></span> <span class='ocrx_word' id='word_1_10' title='bbox 817 1061 944 1143; x_wconf 82' lang='lat' dir='ltr'><strong>agitare</strong></span> <span class='ocrx_word' id='word_1_11' title='bbox 967 1058 1092 1124; x_wconf 80' lang='lat' dir='ltr'><strong>solebat</strong></span> 
     </span>
     <span class='ocr_line' id='line_1_5' title="bbox 329 1172 1251 1256; baseline -0.004 -18"><span class='ocrx_word' id='word_1_12' title='bbox 329 1174 545 1251; x_wconf 76' lang='lat' dir='ltr'><strong>Democritus,</strong></span> <span class='ocrx_word' id='word_1_13' title='bbox 567 1192 772 1256; x_wconf 90' lang='lat' dir='ltr'><strong>quamquam</strong></span> <span class='ocrx_word' id='word_1_14' title='bbox 796 1192 864 1238; x_wconf 93' lang='lat' dir='ltr'><strong>non</strong></span> <span class='ocrx_word' id='word_1_15' title='bbox 887 1178 994 1237; x_wconf 80' lang='lat' dir='ltr'><strong>eruent</strong></span> <span class='ocrx_word' id='word_1_16' title='bbox 1018 1172 1155 1237; x_wconf 84' lang='lat' dir='ltr'>urbibus</span> <span class='ocrx_word' id='word_1_17' title='bbox 1177 1172 1251 1235; x_wconf 81' lang='lat' dir='ltr'><strong>illis</strong></span> 
     </span>
     <span class='ocr_line' id='line_1_6' title="bbox 326 1285 1186 1371; baseline -0.002 -21"><span class='ocrx_word' id='word_1_18' title='bbox 326 1291 498 1371; x_wconf 85' lang='lat' dir='ltr'><strong>praetexta</strong></span> <span class='ocrx_word' id='word_1_19' title='bbox 520 1291 553 1350; x_wconf 89' lang='lat' dir='ltr'><strong>et</strong></span> <span class='ocrx_word' id='word_1_20' title='bbox 575 1287 719 1364; x_wconf 78' lang='lat' dir='ltr'><strong>trabeae,</strong></span> <span class='ocrx_word' id='word_1_21' title='bbox 742 1288 852 1364; x_wconf 79' lang='lat' dir='ltr'><strong>faueas,</strong></span> <span class='ocrx_word' id='word_1_22' title='bbox 876 1286 1002 1362; x_wconf 87' lang='lat' dir='ltr'><strong>leotiea,</strong></span> <span class='ocrx_word' id='word_1_23' title='bbox 1027 1285 1186 1351; x_wconf 88' lang='lat' dir='ltr'><strong>tribunal.</strong></span> 
     </span>
     <span class='ocr_line' id='line_1_7' title="bbox 263 1398 1347 1481; baseline 0.001 -19"><span class='ocrx_word' id='word_1_24' title='bbox 263 1400 314 1463; x_wconf 83' lang='lat' dir='ltr'><strong>Ex</strong></span> <span class='ocrx_word' id='word_1_25' title='bbox 344 1417 435 1463; x_wconf 90' lang='lat' dir='ltr'><strong>more</strong></span> <span class='ocrx_word' id='word_1_26' title='bbox 465 1398 636 1462; x_wconf 81' lang='lat' dir='ltr'><strong>luvenalis</strong></span> <span class='ocrx_word' id='word_1_27' title='bbox 668 1398 845 1480; x_wconf 82' lang='lat' dir='ltr'><strong>legandum</strong></span> <span class='ocrx_word' id='word_1_28' title='bbox 876 1403 942 1462; x_wconf 84' lang='lat' dir='ltr'><strong>est:</strong></span> <span class='ocrx_word' id='word_1_29' title='bbox 966 1402 1164 1481; x_wconf 75' lang='lat' dir='ltr'><strong>praetextae,</strong></span> <span class='ocrx_word' id='word_1_30' title='bbox 1189 1398 1347 1478; x_wconf 87' lang='lat' dir='ltr'><strong>trabeae,</strong></span> 
     </span>
     <span class='ocr_line' id='line_1_8' title="bbox 220 1510 663 1592; baseline -0.005 -17"><span class='ocrx_word' id='word_1_31' title='bbox 220 1513 331 1592; x_wconf 78' lang='lat' dir='ltr'><strong>fauces,</strong></span> <span class='ocrx_word' id='word_1_32' title='bbox 354 1512 481 1590; x_wconf 84' lang='lat' dir='ltr'><strong>leatioa,</strong></span> <span class='ocrx_word' id='word_1_33' title='bbox 506 1510 663 1575; x_wconf 91' lang='lat' dir='ltr'><strong>tribunal.</strong></span> 
     </span>
    </p>
   </div>
   <div class='ocr_carea' id='block_1_5' title="bbox 736 1745 809 1810">
    <p class='ocr_par' dir='ltr' id='par_1_5' title="bbox 736 1745 809 1810">
     <span class='ocr_line' id='line_1_9' title="bbox 736 1745 809 1810; baseline -0.014 0"><span class='ocrx_word' id='word_1_34' title='bbox 736 1745 809 1810; x_wconf 83' lang='lat' dir='ltr'><strong>XV.</strong></span> 
     </span>
    </p>
   </div>
   <div class='ocr_carea' id='block_1_6' title="bbox 218 1955 1350 2154">
    <p class='ocr_par' dir='ltr' id='par_1_6' title="bbox 218 1955 1350 2154">
     <span class='ocr_line' id='line_1_10' title="bbox 266 1955 1350 2039; baseline 0.001 -17"><span class='ocrx_word' id='word_1_35' title='bbox 266 1956 409 2022; x_wconf 84' lang='lat' dir='ltr'><strong>Carmen</strong></span> <span class='ocrx_word' id='word_1_36' title='bbox 432 1956 520 2039; x_wconf 91' lang='lat' dir='ltr'><strong>quod</strong></span> <span class='ocrx_word' id='word_1_37' title='bbox 542 1955 628 2020; x_wconf 89' lang='lat' dir='ltr'><strong>inter</strong></span> <span class='ocrx_word' id='word_1_38' title='bbox 651 1956 836 2020; x_wconf 89' lang='lat' dir='ltr'><strong>Horatiana</strong></span> <span class='ocrx_word' id='word_1_39' title='bbox 856 1957 1016 2021; x_wconf 88' lang='lat' dir='ltr'><strong>ultimum</strong></span> <span class='ocrx_word' id='word_1_40' title='bbox 1034 1962 1083 2023; x_wconf 82' lang='lat' dir='ltr'><strong>eet</strong></span> <span class='ocrx_word' id='word_1_41' title='bbox 1101 1957 1242 2022; x_wconf 75' lang='lat' dir='ltr'><strong>secundi</strong></span> <span class='ocrx_word' id='word_1_42' title='bbox 1261 1959 1350 2025; x_wconf 91' lang='lat' dir='ltr'><strong>libri</strong></span> 
     </span>
     <span class='ocr_line' id='line_1_11' title="bbox 218 2070 842 2154; baseline 0.003 -19"><span class='ocrx_word' id='word_1_43' title='bbox 218 2072 260 2136; x_wconf 92' lang='lat' dir='ltr'><strong>ab</strong></span> <span class='ocrx_word' id='word_1_44' title='bbox 285 2070 424 2136; x_wconf 88' lang='lat' dir='ltr'><strong>Horatio</strong></span> <span class='ocrx_word' id='word_1_45' title='bbox 448 2070 632 2135; x_wconf 85' lang='lat' dir='ltr'><strong>eonleetum</strong></span> <span class='ocrx_word' id='word_1_46' title='bbox 656 2089 724 2135; x_wconf 83' lang='lat' dir='ltr'><strong>esse</strong></span> <span class='ocrx_word' id='word_1_47' title='bbox 746 2091 842 2154; x_wconf 83' lang='lat' dir='ltr'><strong>nego.</strong></span> 
     </span>
    </p>
   </div>
   <div class='ocr_carea' id='block_1_7' title="bbox 739 2327 828 2392">
    <p class='ocr_par' dir='ltr' id='par_1_7' title="bbox 739 2327 828 2392">
     <span class='ocr_line' id='line_1_12' title="bbox 739 2327 828 2392; baseline 0 0"><span class='ocrx_word' id='word_1_48' title='bbox 739 2327 828 2392; x_wconf 87' lang='lat' dir='ltr'>XVI.</span> 
     </span>
    </p>
   </div>
   <div class='ocr_carea' id='block_1_8' title="bbox 263 2542 1137 2623">
    <p class='ocr_par' dir='ltr' id='par_1_8' title="bbox 263 2542 1137 2623">
     <span class='ocr_line' id='line_1_13' title="bbox 263 2542 1137 2623; baseline -0.005 -15"><span class='ocrx_word' id='word_1_49' title='bbox 263 2544 379 2608; x_wconf 87' lang='lat' dir='ltr'><strong>Horat.</strong></span> <span class='ocrx_word' id='word_1_50' title='bbox 403 2543 514 2609; x_wconf 83' lang='lat' dir='ltr'><strong>Carm.</strong></span> <span class='ocrx_word' id='word_1_51' title='bbox 538 2542 598 2620; x_wconf 92' lang='lat' dir='ltr'><strong>III,</strong></span> <span class='ocrx_word' id='word_1_52' title='bbox 624 2544 654 2619; x_wconf 77' lang='lat'><strong>2,</strong></span> <span class='ocrx_word' id='word_1_53' title='bbox 681 2561 743 2604; x_wconf 83' lang='lat' dir='ltr'><strong>ves.</strong></span> <span class='ocrx_word' id='word_1_54' title='bbox 770 2542 899 2606; x_wconf 79' lang='lat'>17-20</span> <span class='ocrx_word' id='word_1_55' title='bbox 924 2542 1030 2623; x_wconf 85' lang='lat' dir='ltr'><strong>spurii</strong></span> <span class='ocrx_word' id='word_1_56' title='bbox 1053 2545 1137 2605; x_wconf 83' lang='lat' dir='ltr'><strong>sunt.</strong></span> 
     </span>
    </p>
   </div>
   <div class='ocr_carea' id='block_1_9' title="bbox 723 2801 830 2866">
    <p class='ocr_par' dir='ltr' id='par_1_9' title="bbox 723 2801 830 2866">
     <span class='ocr_line' id='line_1_14' title="bbox 723 2801 830 2866; baseline 0.009 -1"><span class='ocrx_word' id='word_1_57' title='bbox 723 2801 830 2866; x_wconf 83' lang='lat' dir='ltr'>XVII</span> 
     </span>
    </p>
   </div>
   <div class='ocr_carea' id='block_1_10' title="bbox 222 3002 1346 3443">
    <p class='ocr_par' dir='ltr' id='par_1_10' title="bbox 222 3002 1346 3330">
     <span class='ocr_line' id='line_1_15' title="bbox 265 3002 1345 3098; baseline 0.001 -18"><span class='ocrx_word' id='word_1_58' title='bbox 265 3017 337 3080; x_wconf 85' lang='lat' dir='ltr'><strong>Liv.</strong></span> <span class='ocrx_word' id='word_1_59' title='bbox 370 3013 418 3078; x_wconf 91' lang='lat' dir='ltr'><strong>IV</strong></span> <span class='ocrx_word' id='word_1_60' title='bbox 449 3017 501 3094; x_wconf 82' lang='lat'><strong>33,</strong></span> <span class='ocrx_word' id='word_1_61' title='bbox 524 3020 565 3082; x_wconf 73' lang='lat'><strong>4:</strong></span> <span class='ocrx_word' id='word_1_62' title='bbox 590 3017 754 3092; x_wconf 81' lang='lat' dir='ltr'><strong>„sumone</strong></span> <span class='ocrx_word' id='word_1_63' title='bbox 781 3014 880 3079; x_wconf 87' lang='lat' dir='ltr'><strong>vieti&#39;&#39;</strong></span> <span class='ocrx_word' id='word_1_64' title='bbox 904 3002 1026 3098; x_wconf 85' lang='lat' dir='ltr'><strong>inquit,</strong></span> <span class='ocrx_word' id='word_1_65' title='bbox 1049 3015 1172 3093; x_wconf 88' lang='lat' dir='ltr'><strong>„velut</strong></span> <span class='ocrx_word' id='word_1_66' title='bbox 1195 3034 1345 3081; x_wconf 82' lang='lat' dir='ltr'><strong>examen</strong></span> 
     </span>
     <span class='ocr_line' id='line_1_16' title="bbox 222 3128 1346 3214; baseline -0.001 -19"><span class='ocrx_word' id='word_1_67' title='bbox 222 3132 338 3214; x_wconf 90' lang='lat' dir='ltr'><strong>apium</strong></span> <span class='ocrx_word' id='word_1_68' title='bbox 374 3132 444 3195; x_wconf 88' lang='lat' dir='ltr'><strong>loeo</strong></span> <span class='ocrx_word' id='word_1_69' title='bbox 480 3136 587 3195; x_wconf 83' lang='lat' dir='ltr'><strong>vestro</strong></span> <span class='ocrx_word' id='word_1_70' title='bbox 623 3130 740 3207; x_wconf 79' lang='lat' dir='ltr'><strong>exacti,</strong></span> <span class='ocrx_word' id='word_1_71' title='bbox 775 3130 895 3193; x_wconf 86' lang='lat' dir='ltr'><strong>inermi</strong></span> <span class='ocrx_word' id='word_1_72' title='bbox 928 3131 1094 3195; x_wconf 84' lang='lat' dir='ltr'><strong>uadetis</strong></span> <span class='ocrx_word' id='word_1_73' title='bbox 1124 3128 1232 3192; x_wconf 82' lang='lat' dir='ltr'><strong>hosti?</strong></span> <span class='ocrx_word' id='word_1_74' title='bbox 1264 3129 1346 3196; x_wconf 89' lang='lat' dir='ltr'><strong>Non</strong></span> 
     </span>
     <span class='ocr_line' id='line_1_17' title="bbox 222 3243 724 3330; baseline 0.002 -23"><span class='ocrx_word' id='word_1_75' title='bbox 222 3246 307 3310; x_wconf 86' lang='lat' dir='ltr'><strong>ferro</strong></span> <span class='ocrx_word' id='word_1_76' title='bbox 330 3247 594 3330; x_wconf 86' lang='lat' dir='ltr'><strong>extinguitis</strong></span> <span class='ocrx_word' id='word_1_77' title='bbox 616 3243 724 3329; x_wconf 75' lang='lat' dir='ltr'><strong>ignis?</strong></span> 
     </span>
    </p>

    <p class='ocr_par' dir='ltr' id='par_1_11' title="bbox 264 3358 922 3443">
     <span class='ocr_line' id='line_1_18' title="bbox 264 3358 922 3443; baseline -0.002 -21"><span class='ocrx_word' id='word_1_78' title='bbox 264 3358 365 3441; x_wconf 82' lang='lat' dir='ltr'><strong>Lege:</strong></span> <span class='ocrx_word' id='word_1_79' title='bbox 390 3359 549 3423; x_wconf 83' lang='lat' dir='ltr'><strong>aeditis</strong></span> <span class='ocrx_word' id='word_1_80' title='bbox 572 3394 617 3406; x_wconf 95' lang='lat'>-</span> <span class='ocrx_word' id='word_1_81' title='bbox 639 3360 922 3443; x_wconf 80' lang='lat' dir='ltr'><strong>extinguetis.</strong></span> 
     </span>
    </p>
   </div>
   <div class='ocr_carea' id='block_1_11' title="bbox 717 3610 838 3674">
    <p class='ocr_par' dir='ltr' id='par_1_12' title="bbox 717 3610 838 3674">
     <span class='ocr_line' id='line_1_19' title="bbox 717 3610 838 3674; baseline -0.008 0"><span class='ocrx_word' id='word_1_82' title='bbox 717 3610 838 3674; x_wconf 85' lang='lat' dir='ltr'>XVIII.</span> 
     </span>
    </p>
   </div>
   <div class='ocr_carea' id='block_1_12' title="bbox 223 3820 1343 4340">
    <p class='ocr_par' dir='ltr' id='par_1_13' title="bbox 223 3820 1343 4340">
     <span class='ocr_line' id='line_1_20' title="bbox 268 3820 1342 3906; baseline 0.001 -21"><span class='ocrx_word' id='word_1_83' title='bbox 268 3823 306 3886; x_wconf 95' lang='lat' dir='ltr'><strong>In</strong></span> <span class='ocrx_word' id='word_1_84' title='bbox 330 3824 394 3888; x_wconf 87' lang='lat' dir='ltr'><strong>fine</strong></span> <span class='ocrx_word' id='word_1_85' title='bbox 418 3822 493 3889; x_wconf 86' lang='lat' dir='ltr'><strong>libri</strong></span> <span class='ocrx_word' id='word_1_86' title='bbox 517 3825 563 3887; x_wconf 90' lang='lat' dir='ltr'><strong>VI</strong></span> <span class='ocrx_word' id='word_1_87' title='bbox 586 3824 748 3889; x_wconf 83' lang='lat' dir='ltr'><strong>Aeneidos</strong></span> <span class='ocrx_word' id='word_1_88' title='bbox 769 3843 924 3888; x_wconf 87' lang='lat' dir='ltr'><strong>versuum</strong></span> <span class='ocrx_word' id='word_1_89' title='bbox 945 3823 1022 3887; x_wconf 89' lang='lat' dir='ltr'><strong>ordo</strong></span> <span class='ocrx_word' id='word_1_90' title='bbox 1042 3820 1252 3906; x_wconf 81' lang='lat' dir='ltr'><strong>perturbatus</strong></span> <span class='ocrx_word' id='word_1_91' title='bbox 1273 3828 1342 3904; x_wconf 83' lang='lat' dir='ltr'><strong>eot;</strong></span> 
     </span>
     <span class='ocr_line' id='line_1_21' title="bbox 223 3935 1343 4020; baseline 0.004 -21"><span class='ocrx_word' id='word_1_92' title='bbox 223 3937 444 4002; x_wconf 82' lang='lat' dir='ltr'><strong>restituendus</strong></span> <span class='ocrx_word' id='word_1_93' title='bbox 467 3939 598 4002; x_wconf 87' lang='lat' dir='ltr'><strong>videtur</strong></span> <span class='ocrx_word' id='word_1_94' title='bbox 622 3940 708 4003; x_wconf 88' lang='lat' dir='ltr'><strong>huno</strong></span> <span class='ocrx_word' id='word_1_95' title='bbox 732 3938 767 4000; x_wconf 90' lang='lat' dir='ltr'><strong>in</strong></span> <span class='ocrx_word' id='word_1_96' title='bbox 793 3938 947 4001; x_wconf 87' lang='lat' dir='ltr'><strong>modum:</strong></span> <span class='ocrx_word' id='word_1_97' title='bbox 971 3941 1045 4020; x_wconf 84' lang='lat' dir='ltr'><strong>post</strong></span> <span class='ocrx_word' id='word_1_98' title='bbox 1070 3935 1130 4000; x_wconf 82' lang='grc'><strong>787</strong></span> <span class='ocrx_word' id='word_1_99' title='bbox 1155 3942 1343 4018; x_wconf 84' lang='lat' dir='ltr'><strong>sequantur</strong></span> 
     </span>
     <span class='ocr_line' id='line_1_22' title="bbox 225 4050 1342 4134; baseline 0.005 -23"><span class='ocrx_word' id='word_1_100' title='bbox 225 4071 286 4115; x_wconf 83' lang='lat' dir='ltr'><strong>veo.</strong></span> <span class='ocrx_word' id='word_1_101' title='bbox 312 4050 495 4128; x_wconf 81' lang='lat'><strong>808-825,</strong></span> <span class='ocrx_word' id='word_1_102' title='bbox 515 4057 547 4115; x_wconf 90' lang='lat' dir='ltr'><strong>et</strong></span> <span class='ocrx_word' id='word_1_103' title='bbox 566 4053 718 4134; x_wconf 82' lang='lat' dir='ltr'><strong>deinceps</strong></span> <span class='ocrx_word' id='word_1_104' title='bbox 739 4052 923 4129; x_wconf 78' lang='lat'><strong>836-846,</strong></span> <span class='ocrx_word' id='word_1_105' title='bbox 945 4051 1128 4127; x_wconf 77' lang='lat'><strong>826-835,</strong></span> <span class='ocrx_word' id='word_1_106' title='bbox 1152 4050 1342 4133; x_wconf 78' lang='lat'><strong>788-807,</strong></span> 
     </span>
     <span class='ocr_line' id='line_1_23' title="bbox 225 4163 1342 4257; baseline 0.006 -33"><span class='ocrx_word' id='word_1_107' title='bbox 225 4163 409 4230; x_wconf 75' lang='lat' dir='ltr'><strong>aot-853.</strong></span> <span class='ocrx_word' id='word_1_108' title='bbox 432 4165 651 4248; x_wconf 81' lang='lat' dir='ltr'><strong>Expellantur</strong></span> <span class='ocrx_word' id='word_1_109' title='bbox 674 4168 787 4227; x_wconf 90' lang='lat' dir='ltr'><strong>autem</strong></span> <span class='ocrx_word' id='word_1_110' title='bbox 807 4184 870 4226; x_wconf 84' lang='lat' dir='ltr'><strong>vsa.</strong></span> <span class='ocrx_word' id='word_1_111' title='bbox 894 4163 1076 4241; x_wconf 81' lang='lat'><strong>788-790,</strong></span> <span class='ocrx_word' id='word_1_112' title='bbox 1097 4164 1139 4228; x_wconf 92' lang='lat' dir='ltr'><strong>ab</strong></span> <span class='ocrx_word' id='word_1_113' title='bbox 1155 4163 1342 4257; x_wconf 78' lang='lat' dir='ltr'><strong>editoribus</strong></span> 
     </span>
     <span class='ocr_line' id='line_1_24' title="bbox 225 4277 365 4340; baseline -0.007 0"><span class='ocrx_word' id='word_1_114' title='bbox 225 4277 365 4340; x_wconf 86' lang='lat' dir='ltr'><strong>ooulioti.</strong></span> 
     </span>
    </p>
   </div>
   <div class='ocr_carea' id='block_1_13' title="bbox 0 0 1599 5092">
    <p class='ocr_par' dir='ltr' id='par_1_14' title="bbox 0 0 1599 5092">
     <span class='ocr_line' id='line_1_25' title="bbox 0 0 1599 5092; baseline 0 0"><span class='ocrx_word' id='word_1_115' title='bbox 0 0 1599 5092; x_wconf 95' lang='lat' dir='ltr'><strong> </strong></span> 
     </span>
    </p>
   </div>
  </div>
 </body>
</html>
