3150 5092
786 518 825 579 91

738 800 864 865 XXXI.

283 983 376 1064 Quae
405 984 595 1050 Aristoteles
625 989 732 1071 (Phys.
757 989 805 1051 VI
829 991 847 1051 2
872 1008 923 1072 pg.
949 988 1055 1068 asoa,
1083 991 1134 1072 11)
1159 997 1275 1055 contra
1296 993 1353 1056 Ze·

240 1099 336 1161 nonis
353 1099 519 1181 sophisma
540 1101 629 1184 quod
653 1100 797 1166 Achillea
817 1103 938 1166 dicitur
959 1103 1061 1182 affert,
1084 1104 1167 1166 mihi
1180 1124 1246 1169 non
1264 1106 1354 1169 satis·

239 1209 372 1276 faciunt.

729 1403 871 1469 XXXII.

280 1592 438 1676 Dialogus
461 1591 516 1677 qui
540 1593 694 1676 Oratylus
716 1593 916 1673 inscribitur,
937 1614 1004 1659 nou
1027 1614 1085 1678 per
1097 1594 1238 1660 ironiam
1253 1596 1354 1680 expli·

235 1707 355 1770 candus
378 1711 435 1786 est,
458 1726 537 1771 uam
561 1708 656 1773 Plato
679 1709 714 1771 in
739 1728 776 1773 eo
801 1710 976 1773 seriorem
1002 1708 1081 1792 agit.

719 1922 878 1987 XXXIII.

276 2107 450 2174 Suetonius
480 2110 548 2175 Vit.
572 2108 689 2175 Claud.
715 2132 743 2176 c.
767 2113 806 2175 25
834 2112 986 2194 (ludaeos
1009 2109 1188 2194 impulsore
1215 2110 1350 2175 Chresto

232 2221 359 2287 assidue
381 2221 620 2288 tumultuantes
639 2224 747 2289 Roma
768 2225 908 2308 expulit)
929 2245 995 2289 non
1007 2224 1047 2288 de
1060 2223 1258 2289 Christianis
1270 2226 1348 2308 agit.

716 2446 874 2511 XXXIV.

274 2635 351 2701 Siue
373 2637 491 2700 idonea
514 2655 612 2700 causa
635 2636 696 2698 Vir
718 2636 926 2701 doctissimus
954 2636 985 2699 S.
1009 2636 1038 2699 J.
1061 2636 1099 2698 E.
1124 2636 1198 2699 Rau
1222 2637 1346 2700 Bilder·

229 2747 321 2831 dijkii
356 2750 461 2813 nostri
493 2749 641 2832 Segolem
674 2769 749 2813 cum
791 2748 972 2831 Aeschyleo
997 2748 1194 2813 Prometheo
1220 2768 1348 2832 compa·

228 2863 294 2926 rari
313 2864 421 2946 jussit.

718 3062 858 3127 XXXV.

270 3274 308 3337 In
352 3274 444 3339 libris
485 3294 571 3358 quae
611 3277 792 3340 vernaculo
826 3295 977 3340 sermone
1013 3276 1184 3359 prodeunt,
1219 3273 1345 3339 Graeca

223 3389 360 3451 nomina
382 3390 514 3472 proprIa
536 3389 688 3453 Romano
714 3410 803 3455 more
826 3390 925 3454 scribi
950 3396 1123 3474 pergunto.

708 3604 866 3669 XXXVI.

267 3792 525 3877 Improbandum
555 3799 613 3874 est,
642 3795 730 3878 quod
760 3813 848 3859 nova
879 3794 934 3858 lex
958 3792 1065 3856 studia
1088 3791 1337 3875 propaeueutica

222 3926 306 3990 quae
325 3908 490 3987 dicuntur,
509 3929 530 3972 a
548 3909 675 3973 Scholia
693 3907 899 3973 Academicis
919 3908 960 3971 ad
971 3906 1147 3990 gymnasia
1159 3903 1338 3970 transtulit.

685 4234 877 4245 -—-—-—
