3150 5092
864 439 881 497 6

314 628 381 688 tem
413 642 509 687 usum
533 626 707 704 poetarum
730 621 936 685 scenicorum
958 623 1214 702 provocaturum
1237 637 1306 682 esse
1329 617 1434 700 suspi-
1487 662 1490 669 -

313 739 454 811 caretur,
486 733 545 797 ille
577 733 759 797 exclamat:
791 730 924 812 „Quasi
962 750 1040 795 vero
1064 731 1120 793 isti
1142 749 1176 794 se
1200 729 1435 794 consuetudini

313 865 443 928 semper
464 845 691 909 adstrinxisset
716 844 769 908 vel
791 843 859 927 ipse
882 840 1140 925 Aristophanes''
1163 844 1225 924 (pg.
1249 841 1311 922 17).
1329 840 1435 904 Recte

314 977 404 1037 saue,
437 959 492 1022 sed
514 958 647 1022 videtur
670 959 753 1020 mihi
777 977 845 1022 non
869 955 1055 1032 attendisse,
1076 974 1296 1039 quaecunque
1319 953 1436 1019 fabula

313 1088 436 1135 nomen
462 1071 558 1134 babet
581 1071 704 1153 plurali
728 1088 868 1134 numero
891 1070 1049 1153 positum,
1074 1069 1109 1132 id
1128 1089 1148 1131 a
1168 1069 1266 1132 choro
1287 1068 1435 1131 inditum

315 1200 392 1245 esse.
417 1179 459 1243 Iu
483 1183 715 1263 superstitibus
736 1180 967 1264 Aristophanis
990 1181 1112 1245 sabulis
1137 1182 1197 1244 hoc
1220 1180 1435 1243 manifestum

316 1299 373 1372 est,
403 1294 458 1357 sed
489 1295 590 1357 etiam
619 1295 658 1357 de
681 1293 731 1369 iis,
756 1313 843 1375 quae
866 1313 934 1357 non
958 1294 1108 1376 integrae
1131 1293 1174 1355 ad
1196 1311 1255 1357 nos
1277 1311 1437 1374 pervene-

315 1412 405 1483 runt,
435 1404 524 1470 idem
556 1406 633 1471 licet
663 1407 837 1482 affirmare,
869 1426 945 1470 oum
970 1407 1005 1468 in
1032 1407 1149 1470 multis
1171 1406 1303 1489 probari
1324 1405 1438 1488 possit.

316 1519 402 1581 Vide
425 1518 633 1581 Dindorfium
658 1524 690 1582 et
713 1519 893 1600 Bergkium
915 1520 957 1581 ad
977 1514 1437 1601 fragmentaDaetaleusium,

316 1632 474 1708 Heroum,
505 1631 735 1708 Lemniorum,
763 1629 819 1694 all.
850 1628 943 1694 Idem
968 1631 1008 1695 de
1030 1631 1210 1707 comoedia,
1233 1649 1319 1713 quaa
1342 1636 1439 1702 Νῆσον

316 1744 476 1826 inscripta
510 1749 568 1821 est,
601 1744 713 1807 valere
744 1744 812 1826 ipse
840 1744 934 1807 docet
956 1744 1157 1807 Fritzschius
1180 1743 1329 1807 adhibito
1352 1742 1438 1827 trag-

318 1861 429 1920 meuto
453 1856 596 1919 secundo

517 2038 555 2093 A.
581 2026 652 2092 rictu
675 2028 706 2092 δὲ
730 2031 803 2104 ποῦς

524 2155 556 2207 Β.
583 2140 644 2207 atti
668 2143 736 2206 κκτ’
761 2139 854 2214 ababa
878 2139 911 2215 ἣν
934 2139 1057 2220 βλέπεις
1080 2141 1133 2215 τὴν
1156 2139 1271 2207 εἴσοδον.

319 2318 517 2402 quibuscum
544 2319 690 2383 conferas
712 2337 832 2401 quaeso
856 2317 943 2383 Nub.
969 2319 1032 2381 323
1047 2315 1070 2402 ¹)
1095 2323 1126 2383 et
1151 2319 1225 2396 335,
1246 2319 1308 2383 Av.
1334 2322 1406 2383 296.

363 2433 512 2514 Longum
548 2436 597 2494 est
627 2431 715 2495 idenr
748 2433 972 2495 demonstrare
1007 2432 1043 2494 in
1067 2432 1273 2516 reliquorum
1299 2434 1437 2496 comico·

318 2542 432 2626 rum2)
464 2544 624 2625 reliquiis,
648 2545 705 2608 sed
727 2544 870 2626 exempli
895 2545 1003 2627 gratia
1025 2564 1192 2628 apponam
1215 2547 1436 2628 fragmentum
1529 2635 1531 2638 Ι

319 2677 360 2721 ex
382 2656 555 2738 Eupolidis
577 2654 693 2739 Capris
716 2656 860 2738 petitum

386 2812 543 2893 βοσκόμεθ’
568 2811 640 2887 ὕλης
663 2814 723 2878 cirri
746 2813 949 2888 mauretania,
973 2815 1093 2889 ε’λνθτνς,
1118 2814 1208 2897 κρίνου
1230 2814 1357 2898 κομοθρου
1379 2830 1423 2880 τε·

384 2926 519 3009 πτόρθους
542 2926 678 2999 οὲπννλοὺς
701 2927 922 3008 νὶποτρώγουυνυ
945 2929 1005 2992 κτὲ.

317 3102 406 3185 quod
435 3101 516 3165 satis
546 3102 751 3165 demonstrat
783 3121 905 3166 nomen
929 3122 949 3165 a
972 3104 1070 3168 choro
1093 3105 1238 3167 inditum
1262 3124 1340 3168 esse.
1364 3107 1440 3168 Jam

317 3212 468 3277 videmus
502 3213 598 3296 longe
632 3212 742 3296 plures
777 3216 962 3278 comoedias
997 3218 1135 3280 nomina
1165 3216 1286 3281 habere
1317 3218 1443 3300 plurali

322 3392 470 3402 —-...

354 3508 379 3570 1)
399 3507 484 3557 Obiter
500 3523 588 3557 moneo
605 3507 711 3558 adhaec
727 3508 801 3558 verba
818 3508 905 3574 (βλέπε
923 3511 960 3557 νῦν
978 3508 1040 3571 θευρῖ
1056 3511 1111 3571 πρὸς
1128 3510 1171 3568 τὴν
1190 3511 1446 3578 Πθρνκθν)Ρ11111ε111ε

318 3603 428 3648 montem
455 3614 540 3649 revers
566 3600 744 3664 spectatoribus
769 3600 799 3649 sd
825 3601 949 3650 sinistram
972 3601 1055 3662 fuisse,
1073 3603 1137 3667 quod
1163 3619 1252 3651 novum
1272 3609 1446 3668 argumentum

319 3688 413 3739 aceedit
438 3690 468 3739 ad
493 3689 637 3753 opinionem
663 3706 736 3754 quam
760 3692 790 3740 G.
817 3691 973 3742 Hermannus
989 3693 1119 3757 proposuit
1136 3693 1162 3742 iu
1181 3694 1352 3743 dissertatione
1370 3695 1400 3743 ds
1417 3711 1445 3744 re

319 3781 415 3830 scenica
433 3782 459 3831 in
477 3781 564 3833 dasch.
584 3781 681 3831 Orestia
699 3782 798 3848 (dasch.
815 3784 840 3833 II
859 3800 883 3849 p.
902 3784 961 3850 650)
978 3784 1107 3848 probatam
1125 3802 1152 3834 ex
1168 3785 1242 3850 Soph.
1260 3786 1340 3837 Elect.
1358 3787 1445 3850 Itaque

318 3871 441 3923 refellitur
467 3872 574 3936 scriptor
600 3874 665 3922 vitae
691 3874 865 3940 Aristophanis
887 3875 931 3934 Xl,
956 3891 1012 3924 eum
1038 3875 1116 3924 dicat:
1134 3875 1272 3937 nutatura
1289 3877 1383 3934 13ςάπό
1400 3880 1446 3935 τῆς

319 3966 412 4019 πόλεως
434 3963 524 4026 ’ἦρχες-ν
548 3962 588 4013 ἐπὶ
609 3967 638 4014 τὸ
663 3963 756 4027 θέρετρον
779 3967 805 4030 (ὁ
827 3967 914 4032 χορός),
940 3965 979 4014 διὰ
1003 3970 1046 4023 τῆς
1069 3966 1242 4028 ἀριστερᾶς
1260 3967 1345 4027 ἁψῖδος
1362 3966 1445 4031 stratas,

319 4055 340 4104 rt
357 4053 383 4103 tr
401 4054 496 4113 11ςᾶπό
513 4055 596 4117 ἀγροῦ,
615 4055 655 4105 διὰ
672 4061 715 4115 τῆς
733 4057 855 4122 δεξιᾶς,
873 4059 914 4124 qui
935 4063 977 4107 aut
995 4057 1165 4123 neglegentius
1183 4064 1226 4109 ant
1243 4060 1369 4110 obscurius
1380 4060 1447 4109 locu-

319 4152 359 4195 tus
377 4150 421 4195 est.

353 4237 380 4301 2)
399 4235 429 4286 In
447 4237 550 4304 tragicis
568 4237 633 4289 idem
648 4238 731 4288 valera
749 4239 775 4289 in
795 4238 877 4304 aprico
898 4243 942 4288 est.
