3066 5100
469 1483 683 1561 CAPUT
721 1483 1052 1574 QUARTUM.

664 1800 857 1810 ..ι-...-

247 2040 376 2104 Ultimo
406 2040 478 2104 loco
507 2040 602 2104 nobis
632 2039 837 2123 inspicienda
860 2043 946 2117 sunt,
971 2059 1056 2122 quae
1078 2039 1118 2103 de
1140 2037 1207 2116 lite,
1231 2057 1317 2121 quae
1400 2039 1404 2047 '

202 2159 317 2238 poetae
340 2155 392 2218 ob.
405 2159 550 2218 nostram
575 2154 723 2218 fabulam
745 2173 766 2216 a
782 2151 904 2218 Cleone
924 2154 987 2217 fuit
1006 2155 1181 2231 intentata,
1195 2164 1317 2215 memo·

202 2269 272 2332 riae
301 2269 420 2334 tradita
450 2273 538 2332 sunt.
570 2269 631 2332 Sed
662 2275 761 2332 antea
791 2287 876 2351 quae
899 2268 938 2332 de
960 2269 1160 2332 comicorum
1185 2269 1319 2332 licentia

203 2381 330 2464 legibus
366 2380 515 2460 coercita,
550 2382 701 2461 sentiam,
734 2382 874 2446 breviter
906 2382 1003 2465 liceat
1034 2401 1206 2465 exponere.
1230 2381 1317 2444 Nam

204 2515 280 2559 cum
311 2497 347 2558 in
377 2497 437 2561 hac
459 2515 593 2578 quoque
615 2515 651 2559 re
674 2497 823 2560 immane
846 2501 1011 2579 quantum
1035 2496 1229 2559 dissentiant
1252 2496 1318 2558 viri

205 2611 291 2674 docti
326 2617 359 2674 et
391 2609 653 2674 innumerabiles
686 2611 725 2675 de
756 2630 795 2674 ea
824 2610 1022 2693 protulerint
1053 2611 1230 2693 opiniones,
1260 2629 1318 2693 ego

204 2742 316 2806 quarn,
347 2724 497 2788 nondum
528 2724 665 2806 cognitis
689 2743 804 2787 eorum
829 2723 1084 2788 dissensionibus
1110 2743 1150 2787 ex
1173 2725 1319 2788 fontibus

206 2837 292 2899 mihi
314 2836 507 2915 informavi,
531 2856 699 2919 quamque
722 2837 840 2901 deinde
858 2839 1012 2920 inspectis
1032 2858 1145 2902 eorum
1165 2839 1258 2902 libris
1276 2839 1319 2902 ab

205 2951 297 3014 omni
320 2955 412 3033 parte
435 2950 678 3014 corroboratam
703 2950 781 3028 vidi,
803 2951 946 3014 modeste
969 2959 1008 3014 ut
1025 2952 1193 3028 decet,sed
1208 2960 1319 3016 tamen

204 3063 305 3128 libere
328 3065 502 3147 proferam.
525 3063 713 3128 Novissime
736 3069 847 3129 autern
868 3070 950 3147 quot
970 3064 1052 3128 mihi
1072 3067 1205 3148 quidem
1228 3068 1320 3130 inno·

208 3184 352 3257 tuerunt,
384 3179 424 3243 de
460 3178 521 3241 illa
548 3179 740 3260 quaestione
771 3179 1020 3260 disputaverunt
1043 3177 1232 3244 Frederious
1254 3180 1320 3244 Leo

206 3290 352 3374 (Quaest.
389 3291 487 3355 Arist.
522 3292 657 3355 Bonnae
693 3293 789 3375 1873)
827 3297 859 3355 et
891 3290 967 3357 Otto
999 3291 1142 3356 Keckius
1175 3290 1320 3374 (Quaest.

207 3405 306 3468 Arist.
334 3405 418 3470 Hist.
448 3404 542 3468 Halis
567 3405 643 3470 Sax.
668 3405 773 3486 1876),
798 3424 938 3487 quorum
964 3406 1017 3468 hic
1041 3406 1154 3468 omnia
1176 3423 1261 3486 quae
1283 3405 1320 3466 in

204 3521 325 3584 Leonis
347 3520 461 3585 libello
488 3521 596 3583 minus
619 3521 759 3602 probare
778 3527 939 3603 poteram,
961 3527 1029 3583 tarn
1052 3520 1133 3584 bene
1153 3517 1319 3597 refutavit,

207 3639 244 3695 ut
280 3652 333 3696 me
364 3633 424 3696 hoc
456 3633 588 3715 negotio
620 3633 717 3715 plane
750 3634 942 3698 liberaverit
951 3660 959 3712 ;
986 3635 1101 3715 itaque
1123 3638 1321 3715 argumenta

206 3748 277 3811 eius
309 3765 383 3810 mea
412 3747 513 3810 facio:
544 3747 643 3810 finem
668 3751 778 3809 tamen
803 3747 1034 3828 disputationis
1057 3746 1230 3809 admittere
1253 3765 1321 3809 non

205 3880 347 3944 possum,
375 3861 468 3924 cuius
493 3841 644 3942 reiquae
668 3861 808 3924 habeam
833 3861 985 3937 rationes,
1010 3860 1129 3924 deinde
1153 3859 1282 3923 addam.

250 3974 537 4038 Praemonendum
563 3980 620 4051 est,
645 3974 806 4038 uomicam
830 3974 999 4038 licentiam
1024 3973 1162 4038 Athenis
1185 3992 1263 4051 non,
1285 3981 1322 4036 ut

206 4088 306 4170 vulgo
341 4093 467 4170 putant,
501 4086 606 4149 nullis
639 4087 739 4150 frenis
772 4089 975 4151 moderatam
1008 4087 1117 4163 fuisse,
1151 4086 1340 4168 multoque=

207 4203 318 4264 minus
340 4202 419 4284 ipsis
442 4201 570 4283 legibus
594 4220 792 4279 concessam,
817 4202 903 4284 quod
927 4198 1077 4264 Ciceroni
1101 4199 1231 4264 credere
1251 4219 1321 4282 pos·

209 4315 326 4392 mmor,
360 4315 517 4378 scribenti
553 4313 604 4395 (de
627 4314 708 4396 Rep.
739 4315 784 4378 IV
820 4315 890 4398 10):
923 4315 1040 4397 „apud
1062 4331 1144 4395 quos
1170 4313 1322 4394 (Graecos
