3066 5100
754 451 795 512 31

217 713 218 717 ¹
247 637 347 697 τιιῦτιι
368 634 493 707 ποιήσοις
515 637 631 698 πολλῶν
654 634 773 712 ἀγιιάῶν
794 631 885 705 οιῖτιος
910 633 980 711 ὑμῖν
1003 632 1174 712 γεγένητοιι,

249 743 298 809 κιά
319 745 386 818 τοὺς
409 745 520 824 δήμους
542 747 572 810 ἕν
593 752 659 818 τοιῖς
683 745 801 809 πόλεσιν
827 742 925 819 δείξαις
948 745 985 817 ὡς
1009 745 1270 826 δημοκρατοῦνται.

248 856 391 938 τοιγάρτοι
414 863 463 922 νῦν
486 859 519 922 εἰι
542 862 598 922 τῶν
622 857 732 922 πόλεων
755 858 804 922 τὸν
827 857 912 939 Φάρον
936 858 1007 934 ὑμῖν
1026 856 1196 936 ἀπάγοντες

235 966 362 1044 ’ἥξουσιν
385 970 450 1034 ἰδεῖν
473 971 678 1048 ἐπιθυμοῦντες
701 970 750 1034 τὸν
773 969 893 1043 ποιητὴν
915 970 964 1033 τὸν
986 968 1111 1050 ἄριστον,

247 1080 325 1155 ὅστις
348 1081 579 1164 ποιοεκινδύνευο’
609 1083 700 1147 εἰπεῖν
718 1083 747 1147 ἐν
769 1081 931 1156 'Adsuetas
955 1082 996 1148 τά
1018 1082 1128 1148 δίκαιον.

189 1357 192 1363 ,
249 1285 326 1365 Duo
345 1281 447 1366 igitur
469 1286 548 1347 sunt
570 1303 655 1366 quae
679 1303 713 1347 se
735 1284 935 1365 praestitisse
957 1283 1119 1366 gloriatur
1138 1289 1244 1368 poeta,
1263 1285 1327 1369 pri·

206 1417 299 1460 mum
331 1397 473 1462 effecisse
495 1416 529 1460 se
553 1417 596 1460 ne
619 1382 837 1458 Athenienses
862 1401 923 1466 τοῖς
946 1391 1079 1469 ξενικοῖσι
1103 1394 1201 1474 λόγοις
1225 1398 1327 1461 nimis

130 1531 131 1534 ’
205 1510 352 1576 credulas
376 1529 471 1575 aures
494 1510 689 1593 praeberent
713 1514 746 1572 et
769 1508 889 1572 deinde
913 1509 1090 1573 ostendisse
1111 1529 1211 1592 quam
1240 1509 1327 1572 male
1402 1553 1406 1559 -

204 1623 284 1687 socii
306 1623 366 1687 sub
390 1623 589 1686 democratia
613 1623 825 1686 haberentur.
850 1621 1037 1704 Utrumque
1065 1642 1141 1686 eum
1165 1621 1199 1687 in
1220 1622 1326 1703 Baby-

204 1735 305 1799 loniis
338 1736 479 1800 effecisse
509 1735 724 1798 manifestum
757 1741 815 1814 est,
847 1755 926 1798 nam
960 1734 1097 1799 alterius
1121 1754 1223 1818 quam
1248 1739 1327 1799 ante

205 1846 432 1911 Acharnenses
455 1848 565 1912 emisit
588 1848 749 1926 fabulam,
774 1848 1027 1911 Daetalensium
1047 1848 1131 1926 dico,
1152 1867 1327 1930 argumen-

204 1963 277 2022 tum
302 1959 338 2021 in
363 1959 438 2022 aliis
457 1958 554 2022 rebus
576 1958 777 2037 versabatur,
798 1965 836 2022 ut
856 1979 896 2023 ex
909 1960 1058 2042 reliquiis
1071 1952 1328 2043 satiscognosci·

203 2076 268 2134 tur.
303 2069 397 2152 Quae
434 2070 557 2135 fuerint
591 2071 643 2134 illi
676 2067 778 2144 ξενικοὶ
808 2070 888 2149 λόγοι
920 2073 1008 2137 inter
1035 2051 1234 2137 Scholiastas
1258 2091 1325 2137 non

203 2188 348 2262 constat;
380 2185 465 2248 alter
497 2185 587 2248 enim
612 2181 680 2247 ἀντὶ
705 2187 755 2247 τοῦ
779 2183 939 2264 ἀλλοτρίοις
961 2183 1009 2248 cul
1036 2183 1079 2262 μὴ
1104 2182 1288 2264 προςάκουοιν
1301 2185 1325 2270 1)

179 2297 355 2380 explicat,
385 2297 469 2360 alter
499 2301 613 2360 autem
646 2303 704 2369 τοῖς
728 2296 788 2361 ἀπὸ
815 2297 916 2378 (recte
939 2298 1029 2362 Suid.
1055 2318 1107 2389 pg.
1134 2299 1195 2362 751
1221 2299 1326 2364 Bekk.

203 2405 260 2472 ὑπό
272 2409 314 2494 2))
351 2405 437 2482 ξένον
469 2406 618 2489 πρέσβειον
651 2407 827 2487 λεγομένοις.
864 2410 1054 2493 Utrumque
1090 2430 1166 2473 cum
1201 2430 1260 2493 per
1293 2431 1327 2476 se

203 2542 321 2586 verum
351 2542 418 2586 esse
449 2524 561 2605 possit,
586 2523 762 2587 secundam
791 2524 1043 2606 explicationem
1069 2524 1233 2587 sinceram
1258 2543 1327 2588 esse

203 2634 345 2698 ostendit
380 2655 427 2699 vs.
459 2635 532 2696 636.
565 2635 683 2716 Itaque
716 2636 877 2718 Bergkius
908 2635 941 2698 II
966 2636 1029 2699 969
1054 2640 1125 2717 post
1150 2635 1324 2698 Rankium

203 2748 386 2830 suspicatus
420 2752 468 2810 est
504 2747 744 2812 Leontinorum
781 2748 979 2828 legationem
1015 2766 1101 2829 quae
1136 2767 1223 2811 anno
1260 2748 1323 2811 427

202 2859 367 2922 auxilium
400 2863 552 2941 rogatum
582 2857 731 2920 Athenas
756 2858 856 2920 missa
879 2866 926 2922 est
949 2857 1066 2941 (Thuc.
1089 2859 1140 2921 III
1165 2861 1218 2943 86)
1245 2858 1327 2923 duce

202 2969 326 3052 Gorgia
362 2971 470 3053 (Diod.
500 2971 563 3034 Sic.
595 2966 660 3032 XII
685 2971 750 3052 83),
775 2974 890 3052 poetae
910 2971 1114 3034 occasionem
1138 2971 1263 3035 dedisse
1290 2975 1328 3033 ut

202 3084 293 3147 cives
323 3102 496 3167 perversae
519 3083 610 3146 illius
634 3076 840 3146 credulitatis
864 3084 1065 3147 admoueret.
1089 3081 1185 3164 Quod
1209 3103 1326 3166 quam·

201 3214 304 3278 quam
339 3215 360 3258 a
397 3196 512 3259 multis
546 3195 723 3278 probatum
757 3215 825 3258 essa
861 3195 1007 3279 video³),
1037 3214 1095 3279 pro
1116 3196 1209 3258 virili
1233 3200 1326 3279 parte
1407 3254 1409 3259 ,

202 3314 351 3372 evertere
383 3327 474 3374 nunc
509 3308 664 3372 conabor.
705 3307 792 3371 Nam
826 3305 1071 3392 Aristophanes,
1094 3309 1154 3390 qui
1179 3309 1232 3371 vel
1255 3308 1325 3391 ipso

208 3499 353 3510 ..ι-ι...-

238 3629 263 3689 l)
285 3627 321 3676 dra
337 3626 447 3677 ἀνοίκειον
464 3625 571 3684 (Ἕλλησι
586 3625 662 3693 (Suid.
673 3623 801 3691 Ἑλλήνων)
810 3627 839 3674 τὸ
849 3622 1017 3691 {geraesto-tar
1027 3623 1095 3674 addit
1104 3624 1186 3675 Sohol.
1196 3625 1254 3677 cod.
1265 3624 1325 3679 Ver.

236 3719 261 3780 2)
278 3719 390 3769 Praestet
407 3723 489 3766 tamen
508 3717 611 3767 tortasse
630 3699 758 3782 utramque
777 3717 908 3766 lectionem
925 3716 960 3769 sic
978 3715 1138 3780 conjungere:
1154 3719 1204 3774 τοῖς
1219 3715 1264 3765 ὑπὸ
1280 3722 1328 3766 τῶν

203 3807 251 3858 ἀπὸ
269 3814 315 3857 τῶν
333 3807 401 3873 ξένοιν
419 3807 538 3870 πρέσβεων
557 3807 705 3870 λεγομένοις.

238 3900 263 3966 8)
281 3903 309 3952 A.
334 3900 467 3952 Muellerus
490 3916 511 3949 a.
529 3899 554 3949 h.
573 3900 590 3950 l.
614 3901 756 3965 „Bergkius
780 3899 934 3964 sagacissime
959 3898 1096 3964 suspicatus
1118 3904 1155 3948 ert
1176 3899 1235 3949 haec
1253 3900 1327 3950 verbe

205 3996 313 4056 spectare
331 3991 361 4040 ed
377 3990 527 4055 legationem
546 3989 667 4054 Gorgiee''
685 3996 740 4050 etc.;
758 3996 786 4039 ut
802 4006 854 4039 rem
870 3995 961 4039 certam
978 4005 1031 4038 eam
1041 3989 1289 4056 memoratDroysen.
1299 3992 1326 4042 in

199 4075 316 4133 'versione
339 4099 378 4148 pg.
403 4083 445 4144 43,
468 4085 493 4130 et
516 4080 662 4131 vocabulum
686 4081 885 4144 tererestereres
906 4079 1012 4144 Gorgiae
1030 4081 1182 4131 orationibus
1200 4088 1324 4148 sumptum

202 4187 254 4221 esse
269 4171 356 4233 credit,
371 4171 435 4236 quod
449 4175 532 4220 temen
547 4172 648 4222 solitum
665 4178 717 4223 eret
733 4172 889 4223 Athenarum
909 4170 1047 4242 epitheton,
1064 4187 1111 4236 quo
1125 4173 1177 4237 ipse
1192 4173 1231 4223 bie
1246 4175 1326 4226 utitur

203 4264 451 4330 Aristophanes'quu
459 4263 488 4314 it.
508 4263 580 4328 1324,
602 4265 676 4316 1³29.
