3150 5092
884 476 925 540 74

343 663 407 726 looi
441 663 551 725 minus
581 662 618 724 in
650 662 740 725 hono
766 660 977 738 conveniant,
1000 661 1058 742 qui
1090 660 1190 724 etiam
1215 658 1322 742 magis
1343 676 1447 723 eonve-

343 775 449 852 nient,
482 774 576 838 modo
607 778 782 855 utramque
813 773 962 837 tabulam
992 792 1052 836 suo
1080 771 1179 836 illum
1203 774 1339 837 nornine
1361 772 1449 855 egisse

344 885 530 950 didascaliis
552 882 755 949 credamus.”
778 886 954 949 Praeterea
977 905 1045 949 non
1069 884 1304 968 negligendum
1325 890 1372 948 est
1389 886 1448 966 pot

345 1004 413 1061 tam
445 1000 480 1062 in
510 999 663 1081 parabasi
693 999 798 1076 Panis,
822 1016 923 1079 quam
950 1017 1008 1061 suo
1032 998 1171 1061 nomine
1194 996 1318 1073 doouit,
1341 997 1399 1060 ubi
1418 995 1450 1058 de

344 1112 412 1175 suis
442 1111 538 1174 rebus
570 1108 707 1188 disserit,
735 1109 775 1173 de
798 1129 832 1174 se
856 1116 893 1173 ut
916 1110 956 1174 de
978 1110 1068 1173 chori
1094 1109 1248 1193 magistro
1271 1109 1375 1192 loqui,
1398 1105 1450 1172 vid.

346 1243 394 1288 vs.
421 1223 503 1286 738:

411 1377 491 1456 ἄξας
514 1377 588 1446 εἷναί
608 1381 682 1462 φησ’
708 1382 844 1460 εὐλογίαις
868 1380 1007 1460 μεγάλης
1028 1381 1041 1445 ὅ
1065 1380 1310 1464 διδασκαλος
1332 1381 1417 1459 ἡμῶν.

347 1546 466 1610 deinde
491 1564 569 1610 mox
592 1546 634 1608 ad
657 1547 801 1629 primam
825 1564 998 1628 personam
1023 1546 1142 1609 transit
1168 1565 1215 1610 vs.
1241 1545 1321 1609 754:

411 1705 460 1770 ani
483 1709 591 1787 πρῶτον
614 1705 670 1784 μὲν
692 1703 882 1785 μάχομαι
907 1703 1024 1771 παντων
1047 1706 1127 1786 αὐτῷ
1150 1705 1191 1785 τῷ
1214 1704 1426 1785 serzenatem.

347 1868 409 1932 Sed
443 1868 480 1930 in
516 1864 701 1950 Vesperum
735 1869 897 1950 parabasi,
928 1887 1029 1950 quam
1060 1868 1207 1932 fabulam
1237 1886 1258 1930 a
1291 1866 1455 1931 Philonide

346 1980 458 2043 datam
490 1999 557 2043 essa
587 1981 718 2057 scimus,
742 1999 822 2043 voce
852 1976 1029 2051 διδασκαλος
1063 1979 1176 2044 sedulo
1200 1980 1355 2056 abstinet,
1379 1983 1456 2042 etse

347 2092 479 2156 fabulae
501 2096 632 2174 po'e'tam
657 2091 737 2155 dioit
763 2093 812 2154 his
837 2091 943 2156 verbis
968 2091 1027 2174 (vs.
1053 2093 1167 2174 1016J:

414 2250 595 2333 μέμψασθαι
618 2251 676 2334 γὰρ
698 2259 770 2317 τοῖσι
794 2253 914 2325 θεαταῖς
936 2249 949 2317 ὃ
973 2252 1137 2326 ποιητὴς
1159 2256 1208 2317 νῦν
1231 2252 1377 2330 ἐπιθυμεῖ·

348 2420 380 2479 et
405 2415 464 2497 (vs.
490 2415 606 2498 1049):

414 2577 427 2640 ὁ
450 2577 481 2640 δὲ
504 2575 669 2649 ποιητὴς
692 2573 771 2640 οὐδὲν
792 2575 894 2657 χείρων
917 2575 999 2658 παραὶ
1021 2583 1092 2641 τοῖσι
1115 2579 1216 2657 σοφοῖς
1239 2573 1415 2653 νενόμισται.

348 2714 434 2811 quod
468 2747 544 2792 enm
569 2728 660 2792 'tuno
694 2732 743 2791 tot
775 2727 896 2790 sobolis
925 2727 1022 2790 editis
1052 2726 1265 2807 victoriisque
1292 2724 1462 2807 reportatis
1495 2726 1504 2735 ”

348 2843 468 2919 fecisse,
493 2860 561 2906 non
586 2840 744 2922 estquod
769 2842 949 2918 miremur3
973 2859 1090 2904 verum
1110 2839 1251 2902 minime
1272 2837 1464 2920 hinosequi·

349 2959 414 3030 tur,
442 2957 512 3036 jam
545 2954 579 3016 in
613 2951 878 3040 Acharnensium
907 2952 1059 3034 parabasi
1092 2970 1207 3015 vocem
1238 2948 1252 3012 ὅ
1283 2948 1407 3023 ποιητής
1429 2948 1467 3011 ad

348 3086 464 3130 verum
489 3069 669 3142 auctorem,
694 3064 950 3147 Aristophanem
975 3063 1057 3141 dieo,
1077 3062 1287 3126 referendum
1306 3081 1385 3139 esse,
1404 3079 1465 3144 quo

348 3183 546 3262 argumento
583 3182 657 3240 utor
688 3183 803 3240 eontra
834 3177 1062 3254 Schraderum,
1085 3176 1143 3257 qui
1174 3193 1380 3256 quamquam
1403 3175 1468 3256 ipse

349 3292 421 3354 eius
443 3291 512 3352 vim
537 3291 685 3372 agnoseit
709 3289 772 3372 (pg.
797 3289 886 3372 400),
910 3295 1023 3352 tamen
1047 3309 1084 3352 eo
1105 3289 1216 3350 minus
1236 3288 1347 3350 valere
1368 3292 1468 3369 putat,

350 3404 438 3486 quod
466 3406 537 3486 jam
573 3407 653 3466 tuno
689 3403 765 3485 quis
799 3422 900 3466 verus
932 3401 1197 3465 Acharnenaium
1229 3404 1347 3464 auotor
1378 3404 1468 3474 esset,

350 3513 607 3579 Atheniensibus
636 3516 842 3579 innotuisset.
874 3512 937 3577 Cui
968 3511 1118 3595 opinioni
1149 3532 1216 3577 non
1248 3513 1376 3594 optime
1400 3531 1471 3576 oon·

348 3632 483 3710 gruunt,
507 3645 592 3711 quaa
614 3627 684 3708 ipse
706 3645 758 3708 pg.
784 3626 846 3689 397
871 3625 911 3689 de
935 3626 1084 3690 versibus
1107 3626 1183 3702 498,
1208 3626 1249 3687 99
1273 3625 1444 3688 disseruit:

417 3775 441 3839 si
463 3769 585 3854 πταχός
607 3773 644 3839 ὢν
668 3773 757 3839 ἔπειτ’
782 3775 811 3838 ἐν
834 3773 997 3848 Ἀθηναίας
1019 3773 1117 3852 λέγειν

417 3887 518 3964 μέλλω
543 3885 609 3968 περὶ
631 3893 684 3962 τῆς
707 3890 828 3961 πόλεως,
853 3886 1069 3968 τρυγῳδίαν
1093 3889 1219 3951 ποιῶν.

351 4055 437 4121 quae
460 4036 563 4100 verba
586 4039 658 4100 tuto
681 4056 723 4100 ex
743 4033 925 4099 callistrati
948 4054 1088 4118 persona
1111 4035 1216 4117 aooipi
1234 4053 1327 4117 possa
1347 4035 1468 4111 doeuit,

351 4167 419 4232 qua
442 4149 478 4213 in
502 4168 538 4213 ra
561 4149 757 4232 plausuum
780 4167 818 4213 eo
839 4148 933 4212 facio.
954 4147 1071 4226 „Nam
1092 4147 1340 4230 Aristophanes,
1353 4147 1471 4230 inquit,

353 4280 432 4327 aum
456 4262 518 4326 illa
541 4261 643 4326 verba
666 4261 830 4324 dicentem
855 4260 942 4338 feeit,
965 4261 1023 4343 qui
1046 4261 1179 4343 publioe
1202 4263 1318 4323 suntor
1340 4259 1471 4322 fabulae
