3150 5092
929 455 968 517 70

386 644 493 708 moria
513 645 693 730 teneamus,
715 659 803 704 anno
824 638 992 722 superiore
1009 638 1230 721 Mytilenaeos
1240 639 1411 723 castigatos
1421 654 1481 716 esse,

387 775 529 839 quorum
550 755 688 818 delectio
712 752 970 817 Atheniensium
997 752 1143 816 dolorem
1168 752 1484 818 acerbissimeexacu·

300 849 301 852 Ἴ
386 873 466 946 erat,
485 886 593 949 neque
606 866 774 929 immerito
783 890 792 943 3
814 884 892 928 nam
906 864 932 927 si
945 865 982 942 ii,
995 883 1078 946 quos
1090 865 1234 947 ipsorum
1249 884 1408 929 consensu
1419 884 1487 930 sem·

384 1001 442 1064 per
464 999 543 1063 prae
565 979 681 1042 ceteris
705 958 864 1041 uteocios
884 982 982 1058 atque
1002 977 1126 1040 amieos
1149 978 1402 1056 honoraverant,
1415 977 1490 1042 haud

385 1091 450 1157 scio
472 1092 672 1156 insolentius
695 1092 800 1172 magis
823 1108 867 1152 an
889 1090 1056 1172 perfidius,
1082 1109 1159 1154 cum
1185 1091 1276 1154 hoste
1297 1091 1491 1173 conspirare·

385 1211 469 1284 rant,
495 1207 565 1288 ipsa
585 1203 806 1267 fundamenta
825 1201 1082 1266 Atheniensium
1096 1203 1229 1285 imperii
1242 1203 1404 1268 labefacta
1416 1203 1493 1268 vide·

388 1319 512 1383 bantur
519 1344 528 1396 ;
552 1317 733 1400 pessimum
757 1316 846 1379 enim
867 1313 1059 1380 defectionis
1082 1316 1271 1399 exemplum
1295 1317 1496 1396 datumerat,

387 1431 563 1513 classisque
574 1429 888 1511 Peloponnesiorum
907 1428 1064 1493 inluniae
1076 1429 1190 1493 littora
1202 1431 1498 1509 evocatambinun·

389 1560 491 1625 quarn
518 1546 615 1605 antea
638 1545 810 1623 conspecta
834 1545 913 1618 erat,
935 1545 1109 1622 totumque
1129 1540 1254 1604 bellum
1276 1560 1399 1604 novam
1413 1542 1500 1625 quasi

390 1654 482 1716 riam
507 1653 639 1729 inierat,
664 1652 703 1715 de
725 1671 794 1734 qua
818 1672 853 1716 re
877 1653 951 1715 vide
975 1653 1112 1716 omnino
1140 1649 1364 1731 Onchenium,
1388 1653 1502 1718 Athen.

388 1766 457 1829 und
486 1765 603 1829 Hellas
633 1764 668 1826 ΙΙ
697 1784 751 1847 pg.
778 1766 852 1828 181.
885 1762 1014 1846 Itaque,
1040 1766 1117 1829 licet
1140 1767 1273 1848 privata
1296 1766 1434 1832 tortasse
1455 1768 1502 1829 in-

386 1879 475 1960 juria
494 1877 625 1941 solitam
645 1875 780 1941 Cleonis
799 1878 1017 1957 acrimoniam
1042 1879 1143 1941 etiam
1159 1879 1357 1963 instigasset,
1369 1878 1503 1944 candido

387 1994 500 2052 tamen
528 1990 642 2052 animo
674 2008 749 2052 eum
783 1990 985 2071 reipublicae
1017 1991 1118 2053 saluti
1148 1992 1350 2074 prospexisse
1381 2011 1501 2057 censeo.

388 2101 498 2183 Atque
529 2102 604 2183 quis
635 2102 740 2180 hodie,
771 2120 904 2183 quaeso,
936 2119 1013 2164 eum
1047 2102 1102 2184 qui
1136 2103 1172 2165 in
1202 2104 1260 2166 tali
1284 2123 1439 2169 summae
1460 2106 1502 2168 rei

388 2215 579 2278 discrimine
612 2216 739 2297 patriae
776 2215 998 2278 maledixisset
1032 2220 1131 2298 atque
1165 2235 1220 2280 eos
1253 2217 1351 2299 ipsos,
1386 2219 1445 2301 qui
1477 2218 1504 2282 ei

387 2347 506 2393 nocere
528 2346 629 2409 quam
653 2329 800 2392 maxime
820 2329 928 2409 parati
949 2333 1066 2406 essent,
1086 2346 1173 2411 quae
1193 2338 1299 2393 essent
1317 2330 1390 2407 eius
1402 2335 1504 2413 partes

388 2441 596 2513 infirmiores,
629 2441 739 2523 palam
777 2441 948 2519 docuisset,
985 2440 1083 2504 fuerit
1118 2442 1172 2504 vel
1207 2445 1505 2525 praestantissimus

388 2557 497 2634 podia,
520 2553 683 2616 insontem
708 2553 762 2616 vel
786 2553 913 2635 patriae
937 2554 1206 2616 amantissimum
1230 2553 1386 2618 duxerit?
1403 2555 1504 2620 Nemo

389 2665 516 2746 opinor,
547 2665 611 2726 nisi
644 2665 704 2745 qui
738 2663 990 2747 Aristophanem
1013 2685 1123 2741 suum,
1146 2684 1246 2747 quem
1272 2672 1309 2729 ut
1333 2666 1434 2730 deum
1458 2687 1504 2731 co·

388 2775 472 2854 lunt,
507 2777 550 2839 ab
584 2777 675 2839 omni
707 2796 835 2859 semper
864 2777 962 2858 eulpa
994 2777 1136 2841 liberum
1168 2778 1264 2841 luisse
1287 2779 1352 2841 sibi
1376 2799 1505 2862 persua·

387 2890 503 2954 serint.
546 2888 708 2970 Equidem
751 2895 840 2952 certe
875 2907 974 2952 verae
1008 2889 1238 2972 Aristophanis
1272 2891 1364 2955 laudi
1402 2894 1504 2956 multo

389 3002 510 3064 melius
540 3000 625 3062 mihi
649 3001 820 3065 consulere
845 3000 968 3076 videor,
993 3020 1091 3083 quem
1118 3009 1248 3085 poetam
1273 3004 1378 3069 habeo
1403 3025 1504 3068 unum

389 3114 539 3178 omnium
572 3113 803 3176 suavissimum
836 3117 868 3175 et
899 3112 1193 3195 elegantissimum,
1216 3116 1253 3177 in
1278 3118 1377 3180 rebus
1397 3127 1506 3181 autem

388 3227 530 3310 politicis
570 3226 717 3307 partium
757 3225 864 3288 studio
902 3244 1001 3306 saepe
1044 3227 1203 3290 erravisse
1237 3232 1339 3310 atque
1374 3231 1507 3294 omnino

390 3338 509 3400 harum
545 3356 655 3399 rerum
691 3356 758 3399 non
796 3336 959 3419 optimum
997 3338 1097 3402 luisse
1127 3339 1273 3421 judicem
1306 3342 1461 3406 existimo
1474 3343 1508 3424 1).

390 3449 655 3532 Quotiescunque
684 3449 787 3532 igitur
810 3450 972 3513 comieam
998 3450 1188 3516 libertatem
1213 3452 1419 3517 decurtatam
1445 3474 1509 3519 esse

390 3562 539 3637 yidimus
570 3561 624 3643 (sc.
648 3565 720 3643 post
744 3561 838 3624 Sami
863 3561 1093 3641 delectionem,
1117 3569 1189 3646 post
1213 3561 1416 3645 Mytilenam
1440 3585 1510 3648 cap·

390 3679 459 3738 tam
494 3680 528 3737 et
561 3675 598 3735 in
631 3693 731 3737 causa
762 3673 1103 3759 Hermooopidarum),
1137 3677 1174 3739 in
1204 3697 1336 3741 summo
1362 3680 1510 3743 tumultu

389 3791 490 3868 atque
520 3786 677 3848 universa
708 3784 896 3849 animorum
929 3786 1185 3869 perturbatione,
1213 3790 1419 3871 gravissimis
1452 3792 1509 3854 im·

388 3897 607 3981 pendentibus
636 3898 802 3980 periculis,
830 3897 864 3960 id
895 3899 1020 3963 lactum
1050 3918 1118 3964 esse
1145 3906 1292 3983 apparet.
1324 3902 1388 3966 Sed
1412 3908 1450 3967 ut
1471 3903 1510 3967 ad

424 4254 450 4319 i)
468 4253 507 4307 Ol.
525 4253 691 4306 Muellchtr.
708 4269 747 4319 pg.
767 4251 875 4313 7244,
894 4254 1035 4304 loe-112.
