3150 5092
494 1459 707 1535 CAPUT
742 1461 1052 1536 ΤΕΒΤΙΠΜ.

680 1762 872 1773 ——.—-

266 1989 457 2055 Accedimus
488 2010 577 2055 nunc
598 1991 641 2054 ad
662 1991 889 2074 quaestionem
912 1988 947 2053 in
971 1992 1083 2073 paucis
1105 1990 1270 2056 difficilem
1296 1998 1329 2057 et

227 2102 417 2182 intricatam,
437 2122 522 2187 quae
542 2108 591 2167 est
609 2105 650 2168 (le
668 2101 858 2168 Callistrato
879 2108 912 2168 et
931 2104 1114 2180 Philonide,
1136 2122 1248 2186 quam,
1268 2107 1328 2170 etsi

227 2232 294 2279 eam
328 2236 349 2279 a
382 2217 521 2279 summis
552 2217 633 2279 viris
663 2217 700 2279 in
732 2217 876 2280 diversas
898 2220 1007 2298 partes
1032 2222 1206 2283 tractatam
1231 2237 1251 2280 a
1274 2237 1328 2281 me

226 2328 409 2394 absolutum
433 2330 476 2391 iri
500 2329 594 2393 nulla
616 2349 687 2413 spes
709 2335 765 2408 est,
787 2336 897 2394 tamen
916 2330 1048 2395 silentio
1067 2332 1242 2414 praeterire
1263 2351 1328 2395 non

225 2460 361 2525 pomum,
382 2462 424 2507 ne
446 2442 601 2508 militiam
623 2445 804 2508 detractare
823 2444 938 2507 videar
945 2469 955 2522 ;
968 2444 1080 2508 scribit
1091 2445 1179 2509 enim
1193 2446 1330 2510 Photius

224 2554 246 2618 l.
267 2555 289 2619 l.
311 2576 363 2641 pg.
389 2559 425 2619 1:
448 2555 514 2628 τοὺς
534 2555 565 2620 δὲ
583 2555 783 2634 Βαβυλωνίους
804 2553 924 2631 ἐδίδαξε
946 2556 1007 2620 διὰ
1030 2559 1330 2638 Καλλιστράτου

223 2667 444 2750 Ἀριστοφάνης,
457 2690 543 2754 quae
564 2672 664 2735 verba
675 2673 755 2754 quid
768 2672 831 2736 sibi
844 2672 947 2735 velint
962 2692 1050 2736 nunc
1061 2673 1327 2756 investigandum

223 2788 277 2848 cst.
300 2782 385 2848 Cum
411 2790 522 2848 autem
546 2791 615 2867 post
640 2789 688 2848 tct
711 2790 877 2848 tantorum
898 2786 1044 2849 virorum
1065 2786 1330 2868 diligentissimos

222 2896 450 2981 inquisitiones
472 2899 713 2979 acerrimasque
732 2899 959 2962 contentiones
978 2899 1037 2961 vix
1056 2900 1238 2982 quidquam
1251 2901 1330 2963 novi

221 3012 261 3075 ad
283 3011 375 3074 litem
401 3011 655 3094 cognoscendam
680 3011 790 3097 affmri¹
811 3012 922 3093 possit,
946 3017 1044 3094 atque
1064 3030 1177 3075 omnes
1193 3030 1278 3095 quaa
1290 3011 1331 3075 de

222 3122 280 3188 hac
302 3143 338 3187 re
361 3125 486 3207 concipi
508 3125 633 3205 possint
656 3124 825 3206 opiniones
845 3110 914 3205 jam
938 3124 1085 3207 prolatae
1106 3123 1180 3201 sint,
1205 3125 1331 3206 potiora

222 3239 350 3300 tantum
385 3236 548 3313 delibabo,
579 3242 611 3300 et
642 3255 683 3300 ex
715 3256 833 3320 magna
864 3237 951 3301 mole
983 3237 1141 3301 librorum
1175 3255 1256 3319 quos
1279 3236 1331 3300 vel

222 3368 412 3432 cognoscere
447 3349 580 3432 longum
614 3355 670 3427 est,
706 3369 795 3413 vana
827 3349 1023 3414 eruditionis
1053 3349 1159 3432 specie
1189 3348 1330 3413 libenter

221 3461 362 3540 dimissa,
394 3462 587 3546 insigniores
610 3462 736 3545 elegam
760 3483 842 3555 quos
864 3468 922 3526 ant
945 3463 1075 3526 laudem
1099 3466 1157 3525 aut
1180 3461 1330 3540 refutem,

222 3579 252 3639 et
272 3595 331 3639 cm·
352 3576 498 3659 quidque
521 3576 655 3659 probem
680 3577 825 3641 breviter
845 3577 1009 3641 indicabo.

263 3688 517 3772 Aristophanem
550 3690 672 3772 priores
703 3708 777 3751 suas
807 3688 935 3753 fabulas
965 3708 1032 3752 non
1056 3707 1115 3752 suo
1139 3689 1273 3753 nomine
1295 3688 1331 3751 in

223 3820 352 3867 scenam
385 3803 538 3881 emisisse,
561 3804 649 3866 inter
671 3822 784 3867 omncs
807 3809 935 3868 constat
957 3804 1060 3886 ipsius
1083 3803 1272 3868 testimonio
1296 3804 1332 3866 in

224 3914 332 3998 Equit.
356 3935 419 3980 vas.
447 3915 508 3979 512
532 3936 612 4000 sqq.:

223 4048 296 4117 tet
320 4052 478 4134 θαυμάζειν
501 4053 580 4131 ὑμῶν
603 4059 693 4135 φησιν
715 4054 840 4127 πολλοὺς
864 4055 942 4135 αὐτῷ
966 4054 1133 4135 τροτίονττις

222 4164 272 4229 καὶ
295 4165 474 4247 βατανῖζειν,
498 4170 560 4239 τῶς
583 4165 654 4246 οὐχ)
676 4165 772 4232 τάλαι
791 4168 905 4248 χορὸν
923 4166 1050 4239 αἰτοίη
1070 4168 1151 4232 καθ’
1172 4166 1289 4232 ἑαυτό
1300 4192 1331 4241 ν,

224 4277 302 4357 ἡμᾶς
322 4284 393 4359 ὑμῖν
414 4280 526 4344 ἐκέλευε
547 4278 660 4361 Φράττιι
682 4280 743 4361 περὶ
764 4279 867 4345 τούτου
893 4281 953 4344 κτὲ.
