3150 5092
760 491 799 554 90

722 799 829 866 XXV.

262 987 299 1049 In
325 987 489 1070 plerisque
512 985 712 1066 civitatibus,
735 1007 819 1070 quae
843 1008 919 1052 cum
942 984 1198 1052 Atheniensibus
1230 985 1332 1049 socie·

218 1103 320 1162 tatem
339 1100 494 1179 inierant,
515 1101 610 1164 initio
630 1100 708 1165 balli
728 1101 1001 1184 Peloponnesiaci
1021 1116 1153 1164 summa
1165 1118 1217 1164 res
1228 1117 1332 1182 penes

219 1214 392 1297 optimates
415 1219 492 1279 erat.

713 1376 836 1442 XXVI.

262 1566 476 1650 Reipublicae
494 1565 744 1630 Atheniensium
764 1567 918 1631 interitus
928 1567 1104 1650 praecipue
1116 1565 1335 1649 optimatium

163 1712 166 1717 ·
219 1680 531 1758 machinationibus,
555 1678 745 1758 συνωμοσίαις
769 1684 802 1744 et
825 1678 973 1761 ἑταιρείαις
995 1680 1143 1745 debetur.

708 1890 847 1971 XXVII.

261 2079 461 2164 Thucydidis
483 2082 560 2145 fides
583 2100 603 2144 a
626 2079 995 2164 Mueller-Struebingio
1017 2082 1054 2143 in
1072 2080 1157 2144 libro
1177 2081 1232 2144 cui
1255 2081 1339 2145 titu-

219 2196 270 2258 lus
293 2195 557 2278 „Aristcphanes
581 2196 648 2258 und
672 2196 726 2259 die
748 2194 951 2260 Historische
973 2193 1105 2258 Kritik’'
1125 2195 1240 2258 multis
1260 2214 1340 2278 par-

221 2309 310 2374 tibus
331 2310 492 2374 labelacta
516 2314 574 2373 est.

701 2468 857 2536 XXVHI.

262 2660 356 2744 Quae
385 2662 565 2726 Pausanias
596 2661 635 2725 de
658 2659 815 2744 Olympia
839 2661 947 2740 habet,
971 2678 1010 2726 ea
1029 2680 1097 2724 non
1121 2666 1160 2724 ut
1182 2659 1337 2733 oculatus

218 2777 308 2841 testis
331 2767 509 2859 descripsit.

712 2937 838 3002 XXIX.

261 3127 354 3191 Plato
378 3146 453 3190 cum
478 3127 561 3190 alias
585 3131 655 3191 tum
683 3127 766 3190 hanc
785 3127 827 3192 ub
847 3145 978 3190 causam
1005 3125 1209 3209 dialogorum
1222 3126 1332 3190 forma

219 3262 296 3306 usus
318 3245 376 3320 est,
400 3242 487 3325 quod
510 3259 604 3324 saepe
627 3260 695 3304 non
721 3241 755 3304 id
778 3240 906 3323 agebat,
933 3246 968 3304 ut
989 3240 1070 3324 quid
1087 3240 1127 3303 de
1146 3259 1279 3324 quaque
1299 3260 1335 3305 re

218 3355 353 3419 sentiret
381 3355 521 3433 doceret,
544 3354 599 3418 sed
623 3357 660 3416 ut
684 3354 912 3436 quaestionem
938 3354 978 3418 de
1001 3354 1043 3418 iis
1064 3353 1154 3418 robis
1176 3372 1334 3437 propone·

219 3471 279 3546 ret,
303 3469 341 3533 de
363 3468 484 3550 quibus
506 3467 593 3550 apud
612 3467 731 3551 ipsum,
753 3466 969 3549 quantumvis
991 3467 1055 3531 huc
1078 3466 1130 3530 vel
1147 3465 1334 3531 illucinclia

219 3585 323 3659 naret,
346 3601 413 3645 non
437 3580 563 3665 liquido
587 3572 770 3645 constabat.

723 3765 833 3832 XXX.

261 3955 356 4020 Plato
379 3960 410 4021 et
433 3955 622 4022 Aristoteles
642 3976 718 4021 cum
737 3957 777 4021 de
795 3954 1051 4020 Atheniensium
1074 3953 1243 4040 republica
1257 3958 1330 4020 lum

218 4070 257 4134 de
280 4070 417 4154 singulis
438 4071 585 4153 personis
607 4071 760 4152 iniquum
779 4068 942 4153 judicium
971 4070 1128 4149 tulerunt,
1151 4089 1228 4134 cum
1251 4069 1334 4134 viris

219 4183 432 4266 popularibus
453 4203 583 4267 prorsus
605 4183 747 4266 abjectis,
769 4183 969 4266 eligarehiae
989 4183 1130 4248 lautores
1146 4201 1241 4268 saepe
1258 4181 1336 4267 plus

223 4298 340 4362 meritc
363 4298 582 4364 laudaverint.
